

@book{knuth1973,
  title={The Art of Computer Programming: Fundamental Algorithms},
  author={Knuth, Donald .E.},
  number={v. 1--2},
  isbn={9780201038217},
  series={Series in computer science and information processing},
  year={1973},
  publisher={Addison-Wesley}
}


@misc{williamosler,
  title = {{William Osler - Wikipedia}},
  author={Wikipedia},
  url = {https://en.wikipedia.org/wiki/William_Osler},
  urldate = {2022-03-05}
}

@misc{Triagem2022,
abstract = {Sistema de Triagem de Manchester. Em termos gerais, um m{\'{e}}todo de triagem fornece ao profissional n{\~{a}}o um diagn{\'{o}}stico, mas uma prioridade cl{\'{i}}nica baseada na identifica{\c{c}}{\~{a}}o de problemas.},
author = {Triagem, Grupo Portugu{\^{e}}s},
booktitle = {Web Page},
pages = {3},
title = {{Protocolo Triagem Manchester | Grupo Portugu{\^{e}}s Triagem}},
url = {https://www.grupoportuguestriagem.pt/grupo-portugues-triagem/protocolo-triagem-manchester/},
urldate = {2022-03-24},
year = {2022}
}

@misc{Naidu2021,
abstract = {SOLID design principles in C\# are basic design principles. SOLID stands for Single Responsibility Principle (SRP), Open closed Principle (OSP), Liskov substitution Principle (LSP), Interface Segregation Principle (ISP), and Dependency Inversion Principle (DIP).},
author = {Naidu, Damodhar},
booktitle = {Web Page},
pages = {2},
title = {{SOLID Principles In C\#}},
url = {https://www.c-sharpcorner.com/UploadFile/damubetha/solid-principles-in-C-Sharp/},
urldate = {2022-03-24},
year = {2021}
}
